<record><leader>00000cas a22000007a 4500</leader><controlfield tag="001">27051397</controlfield><controlfield tag="008">921202d19521958nyuwr ne      0    0eng d</controlfield><datafield ind1=" " ind2=" " tag="010"><subfield code="a">sn 92062244 </subfield></datafield><datafield ind1=" " ind2=" " tag="040"><subfield code="a">NYS</subfield><subfield code="b">eng</subfield><subfield code="c">NYS</subfield><subfield code="d">OCLCQ</subfield></datafield><datafield ind1=" " ind2=" " tag="042"><subfield code="a">msc</subfield></datafield><datafield ind1="0" ind2="0" tag="245"><subfield code="a">Dewitt-East Syracuse town news.</subfield></datafield><datafield ind1="3" ind2="0" tag="246"><subfield code="a">East Syracuse-Dewitt town news</subfield></datafield><datafield ind1=" " ind2=" " tag="260"><subfield code="a">East Syracuse, N.Y. :</subfield><subfield code="b">A.M. Halstead</subfield></datafield><datafield ind1=" " ind2=" " tag="300"><subfield code="a">v.</subfield></datafield><datafield ind1=" " ind2=" " tag="310"><subfield code="a">Weekly</subfield></datafield><datafield ind1="0" ind2=" " tag="362"><subfield code="a">Vol. 9, no. 11 (May 8, 1952)-v. 16, no. 9 (Feb. 27, 1958).</subfield></datafield><datafield ind1=" " ind2=" " tag="500"><subfield code="a">Vols. for May 29-June 12, 1952 issued as: East Syracuse-Dewitt news.</subfield></datafield><datafield ind1=" " ind2=" " tag="500"><subfield code="a">Publishers: A.M. Halstead, May 8-Dec. 15, 1952; C.B. Weschke, Dec. 22, 1952-Feb. 27, 1958.</subfield></datafield><datafield ind1=" " ind2="4" tag="651"><subfield code="a">East Syracuse (N.Y.)</subfield><subfield code="v">Newspapers.</subfield></datafield><datafield ind1=" " ind2="4" tag="651"><subfield code="a">DeWitt (N.Y.)</subfield><subfield code="v">Newspapers.</subfield></datafield><datafield ind1=" " ind2=" " tag="752"><subfield code="a">United States</subfield><subfield code="b">New York</subfield><subfield code="c">Onondaga</subfield><subfield code="d">East Syracuse.</subfield></datafield><datafield ind1="0" ind2="4" tag="780"><subfield code="t">East Syracuse star</subfield><subfield code="w">(DLC)sn 92062242</subfield></datafield><datafield ind1="0" ind2="4" tag="780"><subfield code="t">East Syracuse star, Dewitt dial</subfield><subfield code="w">(DLC)sn 92062243</subfield></datafield><datafield ind1="0" ind2="0" tag="785"><subfield code="t">Town news (East Syracuse, N.Y.)</subfield><subfield code="w">(DLC)sn 92062245</subfield></datafield><datafield ind1="1" ind2=" " tag="029"><subfield code="a">AU@</subfield><subfield code="b">000020718052</subfield></datafield></record>